@article{feder1992universal,
  title={Universal prediction of individual sequences},
  author={Feder, Meir and Merhav, Neri and Gutman, Michael},
  journal={IEEE transactions on Information Theory},
  volume={38},
  number={4},
  pages={1258--1270},
  year={1992},
  publisher={IEEE}
}
